%YAML 1.1
%TAG !u! tag:unity3d.com,2011:
--- !u!1001 &100100000
Prefab:
  m_ObjectHideFlags: 1
  serializedVersion: 2
  m_Modification:
    m_TransformParent: {fileID: 0}
    m_Modifications: []
    m_RemovedComponents: []
  m_SourcePrefab: {fileID: 0}
  m_RootGameObject: {fileID: 1654109797963672}
  m_IsPrefabAsset: 1
--- !u!1 &1223998834250110
GameObject:
  m_ObjectHideFlags: 1
  m_CorrespondingSourceObject: {fileID: 0}
  m_PrefabInternal: {fileID: 100100000}
  serializedVersion: 6
  m_Component:
  - component: {fileID: 4790999009064866}
  - component: {fileID: 212307945356024960}
  m_Layer: 8
  m_Name: LeftLeg
  m_TagString: Untagged
  m_Icon: {fileID: 0}
  m_NavMeshLayer: 0
  m_StaticEditorFlags: 0
  m_IsActive: 1
--- !u!1 &1288475948413154
GameObject:
  m_ObjectHideFlags: 0
  m_CorrespondingSourceObject: {fileID: 0}
  m_PrefabInternal: {fileID: 100100000}
  serializedVersion: 6
  m_Component:
  - component: {fileID: 4916709837718132}
  m_Layer: 8
  m_Name: Body Parts
  m_TagString: Untagged
  m_Icon: {fileID: 0}
  m_NavMeshLayer: 0
  m_StaticEditorFlags: 0
  m_IsActive: 1
--- !u!1 &1334452856439892
GameObject:
  m_ObjectHideFlags: 0
  m_CorrespondingSourceObject: {fileID: 0}
  m_PrefabInternal: {fileID: 100100000}
  serializedVersion: 6
  m_Component:
  - component: {fileID: 224244351801557654}
  - component: {fileID: 223488215594941120}
  - component: {fileID: 114559509610867898}
  - component: {fileID: 114098689372087902}
  - component: {fileID: 114965905926694410}
  m_Layer: 8
  m_Name: HB (3)
  m_TagString: Untagged
  m_Icon: {fileID: 0}
  m_NavMeshLayer: 0
  m_StaticEditorFlags: 0
  m_IsActive: 0
--- !u!1 &1385301452800736
GameObject:
  m_ObjectHideFlags: 1
  m_CorrespondingSourceObject: {fileID: 0}
  m_PrefabInternal: {fileID: 100100000}
  serializedVersion: 6
  m_Component:
  - component: {fileID: 224397704458427244}
  - component: {fileID: 222873032120747288}
  - component: {fileID: 114498660023409206}
  m_Layer: 8
  m_Name: BG
  m_TagString: Untagged
  m_Icon: {fileID: 0}
  m_NavMeshLayer: 0
  m_StaticEditorFlags: 0
  m_IsActive: 1
--- !u!1 &1502826141719442
GameObject:
  m_ObjectHideFlags: 1
  m_CorrespondingSourceObject: {fileID: 0}
  m_PrefabInternal: {fileID: 100100000}
  serializedVersion: 6
  m_Component:
  - component: {fileID: 4025020614481940}
  - component: {fileID: 212566437069219890}
  m_Layer: 8
  m_Name: RightLeg
  m_TagString: Untagged
  m_Icon: {fileID: 0}
  m_NavMeshLayer: 0
  m_StaticEditorFlags: 0
  m_IsActive: 1
--- !u!1 &1654109797963672
GameObject:
  m_ObjectHideFlags: 0
  m_CorrespondingSourceObject: {fileID: 0}
  m_PrefabInternal: {fileID: 100100000}
  serializedVersion: 6
  m_Component:
  - component: {fileID: 4986253292260928}
  - component: {fileID: 95232052985443392}
  - component: {fileID: 114722109064513634}
  - component: {fileID: 114455990942679844}
  - component: {fileID: 114056071260175982}
  - component: {fileID: 50535900642617124}
  - component: {fileID: 61463875044392196}
  - component: {fileID: 114080030138605420}
  - component: {fileID: 82184576947721966}
  m_Layer: 8
  m_Name: Brownie
  m_TagString: Enemy
  m_Icon: {fileID: 0}
  m_NavMeshLayer: 0
  m_StaticEditorFlags: 0
  m_IsActive: 1
--- !u!1 &1695539680797362
GameObject:
  m_ObjectHideFlags: 1
  m_CorrespondingSourceObject: {fileID: 0}
  m_PrefabInternal: {fileID: 100100000}
  serializedVersion: 6
  m_Component:
  - component: {fileID: 4162318027994978}
  - component: {fileID: 212877666499847498}
  m_Layer: 8
  m_Name: Char
  m_TagString: Untagged
  m_Icon: {fileID: 0}
  m_NavMeshLayer: 0
  m_StaticEditorFlags: 0
  m_IsActive: 1
--- !u!1 &1829056786683240
GameObject:
  m_ObjectHideFlags: 1
  m_CorrespondingSourceObject: {fileID: 0}
  m_PrefabInternal: {fileID: 100100000}
  serializedVersion: 6
  m_Component:
  - component: {fileID: 224240631356628776}
  - component: {fileID: 222075531114305040}
  - component: {fileID: 114922650027494022}
  m_Layer: 8
  m_Name: Bar
  m_TagString: Untagged
  m_Icon: {fileID: 0}
  m_NavMeshLayer: 0
  m_StaticEditorFlags: 0
  m_IsActive: 1
--- !u!1 &1942281267343676
GameObject:
  m_ObjectHideFlags: 0
  m_CorrespondingSourceObject: {fileID: 0}
  m_PrefabInternal: {fileID: 100100000}
  serializedVersion: 6
  m_Component:
  - component: {fileID: 4826329250951800}
  - component: {fileID: 212203393990054022}
  m_Layer: 8
  m_Name: MinimapRenderObject
  m_TagString: Untagged
  m_Icon: {fileID: 0}
  m_NavMeshLayer: 0
  m_StaticEditorFlags: 0
  m_IsActive: 1
--- !u!4 &4025020614481940
Transform:
  m_ObjectHideFlags: 1
  m_CorrespondingSourceObject: {fileID: 0}
  m_PrefabInternal: {fileID: 100100000}
  m_GameObject: {fileID: 1502826141719442}
  m_LocalRotation: {x: 0, y: 0, z: 0, w: 1}
  m_LocalPosition: {x: 0.49, y: -0.58, z: 0}
  m_LocalScale: {x: 1.5, y: 1.7, z: 1}
  m_Children: []
  m_Father: {fileID: 4916709837718132}
  m_RootOrder: 0
  m_LocalEulerAnglesHint: {x: 0, y: 0, z: 0}
--- !u!4 &4162318027994978
Transform:
  m_ObjectHideFlags: 1
  m_CorrespondingSourceObject: {fileID: 0}
  m_PrefabInternal: {fileID: 100100000}
  m_GameObject: {fileID: 1695539680797362}
  m_LocalRotation: {x: -0, y: -0, z: -0, w: 1}
  m_LocalPosition: {x: 0, y: 0, z: 0}
  m_LocalScale: {x: 1.2, y: 1.2, z: 1}
  m_Children: []
  m_Father: {fileID: 4916709837718132}
  m_RootOrder: 2
  m_LocalEulerAnglesHint: {x: 0, y: 0, z: 0}
--- !u!4 &4790999009064866
Transform:
  m_ObjectHideFlags: 1
  m_CorrespondingSourceObject: {fileID: 0}
  m_PrefabInternal: {fileID: 100100000}
  m_GameObject: {fileID: 1223998834250110}
  m_LocalRotation: {x: -0, y: -0, z: -0, w: 1}
  m_LocalPosition: {x: -0.68, y: -0.58, z: 0}
  m_LocalScale: {x: 1.5, y: 1.6999999, z: 1}
  m_Children: []
  m_Father: {fileID: 4916709837718132}
  m_RootOrder: 1
  m_LocalEulerAnglesHint: {x: 0, y: 0, z: 0}
--- !u!4 &4826329250951800
Transform:
  m_ObjectHideFlags: 1
  m_CorrespondingSourceObject: {fileID: 0}
  m_PrefabInternal: {fileID: 100100000}
  m_GameObject: {fileID: 1942281267343676}
  m_LocalRotation: {x: 0, y: 0, z: 0, w: 1}
  m_LocalPosition: {x: 0.022, y: 0.032, z: -28.06}
  m_LocalScale: {x: 16.191494, y: 14.542737, z: 6.7115}
  m_Children: []
  m_Father: {fileID: 4986253292260928}
  m_RootOrder: 2
  m_LocalEulerAnglesHint: {x: 0, y: 0, z: 0}
--- !u!4 &4916709837718132
Transform:
  m_ObjectHideFlags: 1
  m_CorrespondingSourceObject: {fileID: 0}
  m_PrefabInternal: {fileID: 100100000}
  m_GameObject: {fileID: 1288475948413154}
  m_LocalRotation: {x: 0, y: 0, z: 0, w: 1}
  m_LocalPosition: {x: 0, y: 0, z: 0.9}
  m_LocalScale: {x: 1, y: 1, z: 1}
  m_Children:
  - {fileID: 4025020614481940}
  - {fileID: 4790999009064866}
  - {fileID: 4162318027994978}
  m_Father: {fileID: 4986253292260928}
  m_RootOrder: 0
  m_LocalEulerAnglesHint: {x: 0, y: 0, z: 0}
--- !u!4 &4986253292260928
Transform:
  m_ObjectHideFlags: 1
  m_CorrespondingSourceObject: {fileID: 0}
  m_PrefabInternal: {fileID: 100100000}
  m_GameObject: {fileID: 1654109797963672}
  m_LocalRotation: {x: 0, y: 0, z: 0, w: 1}
  m_LocalPosition: {x: -0.21261367, y: -4.2956095, z: -1.5}
  m_LocalScale: {x: 1, y: 1, z: 1}
  m_Children:
  - {fileID: 4916709837718132}
  - {fileID: 224244351801557654}
  - {fileID: 4826329250951800}
  m_Father: {fileID: 0}
  m_RootOrder: 0
  m_LocalEulerAnglesHint: {x: 0, y: 0, z: 0}
--- !u!50 &50535900642617124
Rigidbody2D:
  serializedVersion: 4
  m_ObjectHideFlags: 1
  m_CorrespondingSourceObject: {fileID: 0}
  m_PrefabInternal: {fileID: 100100000}
  m_GameObject: {fileID: 1654109797963672}
  m_BodyType: 0
  m_Simulated: 1
  m_UseFullKinematicContacts: 0
  m_UseAutoMass: 0
  m_Mass: 1
  m_LinearDrag: 0
  m_AngularDrag: 0.05
  m_GravityScale: 0
  m_Material: {fileID: 0}
  m_Interpolate: 0
  m_SleepingMode: 1
  m_CollisionDetection: 0
  m_Constraints: 4
--- !u!61 &61463875044392196
BoxCollider2D:
  m_ObjectHideFlags: 1
  m_CorrespondingSourceObject: {fileID: 0}
  m_PrefabInternal: {fileID: 100100000}
  m_GameObject: {fileID: 1654109797963672}
  m_Enabled: 1
  m_Density: 1
  m_Material: {fileID: 0}
  m_IsTrigger: 0
  m_UsedByEffector: 0
  m_UsedByComposite: 0
  m_Offset: {x: -0.0032746792, y: -0.049120545}
  m_SpriteTilingProperty:
    border: {x: 0, y: 0, z: 0, w: 0}
    pivot: {x: 0, y: 0}
    oldSize: {x: 0, y: 0}
    newSize: {x: 0, y: 0}
    adaptiveTilingThreshold: 0
    drawMode: 0
    adaptiveTiling: 0
  m_AutoTiling: 0
  serializedVersion: 2
  m_Size: {x: 2.1854424, y: 1.0065491}
  m_EdgeRadius: 0
--- !u!82 &82184576947721966
AudioSource:
  m_ObjectHideFlags: 1
  m_CorrespondingSourceObject: {fileID: 0}
  m_PrefabInternal: {fileID: 100100000}
  m_GameObject: {fileID: 1654109797963672}
  m_Enabled: 1
  serializedVersion: 4
  OutputAudioMixerGroup: {fileID: 243964641309060650, guid: bb4b0f602ac0b1f4bba755b348216c63,
    type: 2}
  m_audioClip: {fileID: 8300000, guid: a4b4f3ed50e4b0146bf1118fc10a6ad1, type: 3}
  m_PlayOnAwake: 0
  m_Volume: 1
  m_Pitch: 1
  Loop: 0
  Mute: 0
  Spatialize: 0
  SpatializePostEffects: 0
  Priority: 128
  DopplerLevel: 1
  MinDistance: 1
  MaxDistance: 500
  Pan2D: 0
  rolloffMode: 0
  BypassEffects: 0
  BypassListenerEffects: 0
  BypassReverbZones: 0
  rolloffCustomCurve:
    serializedVersion: 2
    m_Curve:
    - serializedVersion: 3
      time: 0
      value: 1
      inSlope: 0
      outSlope: 0
      tangentMode: 0
      weightedMode: 0
      inWeight: 0.33333334
      outWeight: 0.33333334
    - serializedVersion: 3
      time: 1
      value: 0
      inSlope: 0
      outSlope: 0
      tangentMode: 0
      weightedMode: 0
      inWeight: 0.33333334
      outWeight: 0.33333334
    m_PreInfinity: 2
    m_PostInfinity: 2
    m_RotationOrder: 4
  panLevelCustomCurve:
    serializedVersion: 2
    m_Curve:
    - serializedVersion: 3
      time: 0
      value: 0
      inSlope: 0
      outSlope: 0
      tangentMode: 0
      weightedMode: 0
      inWeight: 0.33333334
      outWeight: 0.33333334
    m_PreInfinity: 2
    m_PostInfinity: 2
    m_RotationOrder: 4
  spreadCustomCurve:
    serializedVersion: 2
    m_Curve:
    - serializedVersion: 3
      time: 0
      value: 0
      inSlope: 0
      outSlope: 0
      tangentMode: 0
      weightedMode: 0
      inWeight: 0.33333334
      outWeight: 0.33333334
    m_PreInfinity: 2
    m_PostInfinity: 2
    m_RotationOrder: 4
  reverbZoneMixCustomCurve:
    serializedVersion: 2
    m_Curve:
    - serializedVersion: 3
      time: 0
      value: 1
      inSlope: 0
      outSlope: 0
      tangentMode: 0
      weightedMode: 0
      inWeight: 0.33333334
      outWeight: 0.33333334
    m_PreInfinity: 2
    m_PostInfinity: 2
    m_RotationOrder: 4
--- !u!95 &95232052985443392
Animator:
  serializedVersion: 3
  m_ObjectHideFlags: 1
  m_CorrespondingSourceObject: {fileID: 0}
  m_PrefabInternal: {fileID: 100100000}
  m_GameObject: {fileID: 1654109797963672}
  m_Enabled: 1
  m_Avatar: {fileID: 0}
  m_Controller: {fileID: 9100000, guid: f6367c66dd6a857438f7ad6acde85de0, type: 2}
  m_CullingMode: 0
  m_UpdateMode: 0
  m_ApplyRootMotion: 0
  m_LinearVelocityBlending: 0
  m_WarningMessage: 
  m_HasTransformHierarchy: 1
  m_AllowConstantClipSamplingOptimization: 1
  m_KeepAnimatorControllerStateOnDisable: 0
--- !u!114 &114056071260175982
MonoBehaviour:
  m_ObjectHideFlags: 1
  m_CorrespondingSourceObject: {fileID: 0}
  m_PrefabInternal: {fileID: 100100000}
  m_GameObject: {fileID: 1654109797963672}
  m_Enabled: 1
  m_EditorHideFlags: 0
  m_Script: {fileID: 11500000, guid: ffc2f39e24bdf654ebd402735b2f5ee7, type: 3}
  m_Name: 
  m_EditorClassIdentifier: 
  stopDistance: 3.5
  EnemyType: 3
  speed: 7
  isChasing: 0
  players: []
  targetToFollow: {fileID: 0}
  fixedSpeed: 0
  bullet: {fileID: 1582735868069678, guid: cfeed43cd7dc37045bca5901a854db6c, type: 2}
  fireRate: 1.7
  rayDistance: 2
  dodgeDistance: 0.5
  obstaclesLayer:
    serializedVersion: 2
    m_Bits: 2048
  healAmount: 2
  ExplosiondeathEffect: {fileID: 0}
--- !u!114 &114080030138605420
MonoBehaviour:
  m_ObjectHideFlags: 1
  m_CorrespondingSourceObject: {fileID: 0}
  m_PrefabInternal: {fileID: 100100000}
  m_GameObject: {fileID: 1654109797963672}
  m_Enabled: 1
  m_EditorHideFlags: 0
  m_Script: {fileID: 11500000, guid: 36271f92cacfbba41b53941bf853bc9e, type: 3}
  m_Name: 
  m_EditorClassIdentifier: 
  item: {fileID: 1872931942032644, guid: ccf1e9d09af4ff04c9302d5ab4f0dcfb, type: 2}
  weaponItem: {fileID: 1872931942032644, guid: 3a52be815cf2a6c4ea351cda3deb4e55, type: 2}
  drops:
  - name: Potion
    itemToDrop: {fileID: 11400000, guid: 4edbb0e8ec811a145a1552bda4927360, type: 2}
    dropRate: 65
  weaponDrops:
  - name: Big Gun
    weaponToDrop: {fileID: 11400000, guid: 27a302389d1d6a24bbd5cdd367a73de1, type: 2}
    dropRate: 30
  - name: Big Gun
    weaponToDrop: {fileID: 11400000, guid: b1243be4eb4f03a479385f11924c6706, type: 2}
    dropRate: 30
  - name: Big Gun
    weaponToDrop: {fileID: 11400000, guid: 817c6000e1d366348806222da705b5e5, type: 2}
    dropRate: 30
  - name: Big Gun
    weaponToDrop: {fileID: 11400000, guid: db67606f2cb533f4883c289201fb6d5c, type: 2}
    dropRate: 30
  - name: Bow
    weaponToDrop: {fileID: 11400000, guid: 5f120595970300c4cad6e872d7c188d0, type: 2}
    dropRate: 35
  - name: Bow
    weaponToDrop: {fileID: 11400000, guid: 627c9a2b8d7c96f49a4e960f35d4e13e, type: 2}
    dropRate: 35
  - name: Bow
    weaponToDrop: {fileID: 11400000, guid: 83b5cbdc93c6cf44fb2d0ee0d7a874ec, type: 2}
    dropRate: 35
  - name: Bow
    weaponToDrop: {fileID: 11400000, guid: 7f230d381e18f5846bc795193ed16cca, type: 2}
    dropRate: 35
  - name: Candy Sword
    weaponToDrop: {fileID: 11400000, guid: 4470626f2d68e7a43bc78e290f2195be, type: 2}
    dropRate: 30
  - name: Candy Sword
    weaponToDrop: {fileID: 11400000, guid: 4ebd57ad535babd46b7a25d1b34b0198, type: 2}
    dropRate: 30
  - name: Candy Sword
    weaponToDrop: {fileID: 11400000, guid: 5b29c96fd70cf624797cf395b71eec47, type: 2}
    dropRate: 30
  - name: Candy Sword
    weaponToDrop: {fileID: 11400000, guid: 85ddbd73185dde945ba44df82be2e40d, type: 2}
    dropRate: 30
  - name: Death's Bow
    weaponToDrop: {fileID: 11400000, guid: 47aab14bd02a2f143a9c20ef25795c67, type: 2}
    dropRate: 15
  - name: Death's Bow
    weaponToDrop: {fileID: 11400000, guid: 109027fee43d69542b951e2b507a28da, type: 2}
    dropRate: 15
  - name: Death's Bow
    weaponToDrop: {fileID: 11400000, guid: 9fe0da38d1513ef42b617b3496c6e2aa, type: 2}
    dropRate: 15
  - name: Death's Bow
    weaponToDrop: {fileID: 11400000, guid: 2efacdb769a8bbd49ad0fa1beeb5dc22, type: 2}
    dropRate: 15
  - name: Energy Gun
    weaponToDrop: {fileID: 11400000, guid: c2c1149fe0431ed44b2dc7bc997eb05c, type: 2}
    dropRate: 25
  - name: Energy Gun
    weaponToDrop: {fileID: 11400000, guid: 12b1ad1c606e1b54cab5c3b349302b79, type: 2}
    dropRate: 25
  - name: Energy Gun
    weaponToDrop: {fileID: 11400000, guid: 617c423be3dbcb940a6742176c46ea23, type: 2}
    dropRate: 25
  - name: Energy Gun
    weaponToDrop: {fileID: 11400000, guid: c8d0618f32c5776428ba8d6f8a4fc292, type: 2}
    dropRate: 25
  - name: Fire Bow
    weaponToDrop: {fileID: 11400000, guid: 1faf07e9df72e714aae03e30f4cf205b, type: 2}
    dropRate: 22
  - name: Fire Bow
    weaponToDrop: {fileID: 11400000, guid: 71ae5a9cf44fdd345a80b07cfcd42075, type: 2}
    dropRate: 22
  - name: Fire Bow
    weaponToDrop: {fileID: 11400000, guid: 8bfa34fe66f3152418497a8960fe30e7, type: 2}
    dropRate: 22
  - name: Fire Bow
    weaponToDrop: {fileID: 11400000, guid: 61db0dfdceac76d48bb37c8ef52fc6b9, type: 2}
    dropRate: 22
  - name: King's Sword
    weaponToDrop: {fileID: 11400000, guid: 5bd54d9d5d532144da6b8ba29979ad6d, type: 2}
    dropRate: 15
  - name: King's Sword
    weaponToDrop: {fileID: 11400000, guid: 82d6c78e0abb58a419a8c73edc81e951, type: 2}
    dropRate: 15
  - name: King's Sword
    weaponToDrop: {fileID: 11400000, guid: 040a9c5bbc063264e9c0e8235464703d, type: 2}
    dropRate: 15
  - name: King's Sword
    weaponToDrop: {fileID: 11400000, guid: fb8e03c22c1d7b54e881611a19c108af, type: 2}
    dropRate: 15
  - name: Pistol
    weaponToDrop: {fileID: 11400000, guid: 17d060adf47c5e84e822a302fcbc3eb3, type: 2}
    dropRate: 24
  - name: Pistol
    weaponToDrop: {fileID: 11400000, guid: 983d456ca0962d943830851dc7e20f98, type: 2}
    dropRate: 24
  - name: Pistol
    weaponToDrop: {fileID: 11400000, guid: 28340dd71a8c1434cb8462554ed1d736, type: 2}
    dropRate: 24
  - name: Pistol
    weaponToDrop: {fileID: 11400000, guid: eb813da5cc6157c46be8e68393b60041, type: 2}
    dropRate: 24
  - name: Queen's Bow
    weaponToDrop: {fileID: 11400000, guid: eaf255c65c5c28a4691cda9f7cf611c6, type: 2}
    dropRate: 20
  - name: Queen's Bow
    weaponToDrop: {fileID: 11400000, guid: dc7278b26a1de904c9b0f735c38f6c70, type: 2}
    dropRate: 20
  - name: Queen's Bow
    weaponToDrop: {fileID: 11400000, guid: f999bf86c029c74479859f64caa1d379, type: 2}
    dropRate: 20
  - name: Queen's Bow
    weaponToDrop: {fileID: 11400000, guid: e0cb284010e645a4d98d85435ecf6f37, type: 2}
    dropRate: 20
  - name: Wild West Pistol
    weaponToDrop: {fileID: 11400000, guid: 4e823effbfb64d2468fbea38952921af, type: 2}
    dropRate: 20
  - name: Wild West Pistol
    weaponToDrop: {fileID: 11400000, guid: 5252fa76c8ff82044abcb2d89b8e21c8, type: 2}
    dropRate: 20
  - name: Wild West Pistol
    weaponToDrop: {fileID: 11400000, guid: 17921c4424d00f74ebe0759b950b6dff, type: 2}
    dropRate: 20
  - name: Wild West Pistol
    weaponToDrop: {fileID: 11400000, guid: 9057beb49c0cde546836f53575e578c1, type: 2}
    dropRate: 20
  - name: Wall Gun
    weaponToDrop: {fileID: 11400000, guid: eed937ff60106f940b2fe46ef1463b35, type: 2}
    dropRate: 20
--- !u!114 &114098689372087902
MonoBehaviour:
  m_ObjectHideFlags: 1
  m_CorrespondingSourceObject: {fileID: 0}
  m_PrefabInternal: {fileID: 100100000}
  m_GameObject: {fileID: 1334452856439892}
  m_Enabled: 1
  m_EditorHideFlags: 0
  m_Script: {fileID: 1301386320, guid: f70555f144d8491a825f0804e09c671c, type: 3}
  m_Name: 
  m_EditorClassIdentifier: 
  m_IgnoreReversedGraphics: 1
  m_BlockingObjects: 0
  m_BlockingMask:
    serializedVersion: 2
    m_Bits: 4294967295
--- !u!114 &114455990942679844
MonoBehaviour:
  m_ObjectHideFlags: 1
  m_CorrespondingSourceObject: {fileID: 0}
  m_PrefabInternal: {fileID: 100100000}
  m_GameObject: {fileID: 1654109797963672}
  m_Enabled: 1
  m_EditorHideFlags: 0
  m_Script: {fileID: 11500000, guid: 18f1966762814e74e92d0588bea8c69c, type: 3}
  m_Name: 
  m_EditorClassIdentifier: 
--- !u!114 &114498660023409206
MonoBehaviour:
  m_ObjectHideFlags: 1
  m_CorrespondingSourceObject: {fileID: 0}
  m_PrefabInternal: {fileID: 100100000}
  m_GameObject: {fileID: 1385301452800736}
  m_Enabled: 1
  m_EditorHideFlags: 0
  m_Script: {fileID: -765806418, guid: f70555f144d8491a825f0804e09c671c, type: 3}
  m_Name: 
  m_EditorClassIdentifier: 
  m_Material: {fileID: 0}
  m_Color: {r: 0.3584906, g: 0.3584906, b: 0.3584906, a: 1}
  m_RaycastTarget: 1
  m_OnCullStateChanged:
    m_PersistentCalls:
      m_Calls: []
    m_TypeName: UnityEngine.UI.MaskableGraphic+CullStateChangedEvent, UnityEngine.UI,
      Version=1.0.0.0, Culture=neutral, PublicKeyToken=null
  m_Sprite: {fileID: 21300000, guid: 3e197d841ba5f3742aece6c2b30d4198, type: 3}
  m_Type: 0
  m_PreserveAspect: 0
  m_FillCenter: 1
  m_FillMethod: 4
  m_FillAmount: 1
  m_FillClockwise: 1
  m_FillOrigin: 0
--- !u!114 &114559509610867898
MonoBehaviour:
  m_ObjectHideFlags: 1
  m_CorrespondingSourceObject: {fileID: 0}
  m_PrefabInternal: {fileID: 100100000}
  m_GameObject: {fileID: 1334452856439892}
  m_Enabled: 1
  m_EditorHideFlags: 0
  m_Script: {fileID: 1980459831, guid: f70555f144d8491a825f0804e09c671c, type: 3}
  m_Name: 
  m_EditorClassIdentifier: 
  m_UiScaleMode: 0
  m_ReferencePixelsPerUnit: 100
  m_ScaleFactor: 1
  m_ReferenceResolution: {x: 800, y: 600}
  m_ScreenMatchMode: 0
  m_MatchWidthOrHeight: 0
  m_PhysicalUnit: 3
  m_FallbackScreenDPI: 96
  m_DefaultSpriteDPI: 96
  m_DynamicPixelsPerUnit: 1
--- !u!114 &114722109064513634
MonoBehaviour:
  m_ObjectHideFlags: 1
  m_CorrespondingSourceObject: {fileID: 0}
  m_PrefabInternal: {fileID: 100100000}
  m_GameObject: {fileID: 1654109797963672}
  m_Enabled: 1
  m_EditorHideFlags: 0
  m_Script: {fileID: 11500000, guid: c1f239cb52dd4364fa3fc5227742d13a, type: 3}
  m_Name: 
  m_EditorClassIdentifier: 
  manaBonus: 1.5
  forceDie: 0
  maxHp: 35
  hp: 0
  maxGoldAmount: 35
  minGoldQuant: 5
  deathEffect: {fileID: 1568609755092722, guid: 14650bfe58fa2f749a904230e1944c9d,
    type: 2}
  bloodEffect: {fileID: 1309744631837844, guid: 604e49f85d1f8014b83172c49f74111a,
    type: 2}
--- !u!114 &114922650027494022
MonoBehaviour:
  m_ObjectHideFlags: 1
  m_CorrespondingSourceObject: {fileID: 0}
  m_PrefabInternal: {fileID: 100100000}
  m_GameObject: {fileID: 1829056786683240}
  m_Enabled: 1
  m_EditorHideFlags: 0
  m_Script: {fileID: -765806418, guid: f70555f144d8491a825f0804e09c671c, type: 3}
  m_Name: 
  m_EditorClassIdentifier: 
  m_Material: {fileID: 0}
  m_Color: {r: 1, g: 0, b: 0, a: 1}
  m_RaycastTarget: 1
  m_OnCullStateChanged:
    m_PersistentCalls:
      m_Calls: []
    m_TypeName: UnityEngine.UI.MaskableGraphic+CullStateChangedEvent, UnityEngine.UI,
      Version=1.0.0.0, Culture=neutral, PublicKeyToken=null
  m_Sprite: {fileID: 21300000, guid: 3e197d841ba5f3742aece6c2b30d4198, type: 3}
  m_Type: 3
  m_PreserveAspect: 0
  m_FillCenter: 1
  m_FillMethod: 0
  m_FillAmount: 1
  m_FillClockwise: 1
  m_FillOrigin: 0
--- !u!114 &114965905926694410
MonoBehaviour:
  m_ObjectHideFlags: 1
  m_CorrespondingSourceObject: {fileID: 0}
  m_PrefabInternal: {fileID: 100100000}
  m_GameObject: {fileID: 1334452856439892}
  m_Enabled: 1
  m_EditorHideFlags: 0
  m_Script: {fileID: 11500000, guid: 56945fc94a2747c46889beda19dd34d4, type: 3}
  m_Name: 
  m_EditorClassIdentifier: 
  bar: {fileID: 114922650027494022}
--- !u!212 &212203393990054022
SpriteRenderer:
  m_ObjectHideFlags: 1
  m_CorrespondingSourceObject: {fileID: 0}
  m_PrefabInternal: {fileID: 100100000}
  m_GameObject: {fileID: 1942281267343676}
  m_Enabled: 1
  m_CastShadows: 0
  m_ReceiveShadows: 0
  m_DynamicOccludee: 1
  m_MotionVectors: 1
  m_LightProbeUsage: 1
  m_ReflectionProbeUsage: 1
  m_RenderingLayerMask: 4294967295
  m_Materials:
  - {fileID: 10754, guid: 0000000000000000f000000000000000, type: 0}
  m_StaticBatchInfo:
    firstSubMesh: 0
    subMeshCount: 0
  m_StaticBatchRoot: {fileID: 0}
  m_ProbeAnchor: {fileID: 0}
  m_LightProbeVolumeOverride: {fileID: 0}
  m_ScaleInLightmap: 1
  m_PreserveUVs: 0
  m_IgnoreNormalsForChartDetection: 0
  m_ImportantGI: 0
  m_StitchLightmapSeams: 0
  m_SelectedEditorRenderState: 0
  m_MinimumChartSize: 4
  m_AutoUVMaxDistance: 0.5
  m_AutoUVMaxAngle: 89
  m_LightmapParameters: {fileID: 0}
  m_SortingLayerID: 0
  m_SortingLayer: 0
  m_SortingOrder: 1
  m_Sprite: {fileID: 10907, guid: 0000000000000000f000000000000000, type: 0}
  m_Color: {r: 0.34901962, g: 0.24313727, b: 0.10588236, a: 1}
  m_FlipX: 0
  m_FlipY: 0
  m_DrawMode: 0
  m_Size: {x: 0.16, y: 0.16}
  m_AdaptiveModeThreshold: 0.5
  m_SpriteTileMode: 0
  m_WasSpriteAssigned: 1
  m_MaskInteraction: 0
  m_SpriteSortPoint: 0
--- !u!212 &212307945356024960
SpriteRenderer:
  m_ObjectHideFlags: 1
  m_CorrespondingSourceObject: {fileID: 0}
  m_PrefabInternal: {fileID: 100100000}
  m_GameObject: {fileID: 1223998834250110}
  m_Enabled: 1
  m_CastShadows: 0
  m_ReceiveShadows: 0
  m_DynamicOccludee: 1
  m_MotionVectors: 1
  m_LightProbeUsage: 1
  m_ReflectionProbeUsage: 1
  m_RenderingLayerMask: 4294967295
  m_Materials:
  - {fileID: 10754, guid: 0000000000000000f000000000000000, type: 0}
  m_StaticBatchInfo:
    firstSubMesh: 0
    subMeshCount: 0
  m_StaticBatchRoot: {fileID: 0}
  m_ProbeAnchor: {fileID: 0}
  m_LightProbeVolumeOverride: {fileID: 0}
  m_ScaleInLightmap: 1
  m_PreserveUVs: 0
  m_IgnoreNormalsForChartDetection: 0
  m_ImportantGI: 0
  m_StitchLightmapSeams: 0
  m_SelectedEditorRenderState: 0
  m_MinimumChartSize: 4
  m_AutoUVMaxDistance: 0.5
  m_AutoUVMaxAngle: 89
  m_LightmapParameters: {fileID: 0}
  m_SortingLayerID: 328374333
  m_SortingLayer: 3
  m_SortingOrder: 0
  m_Sprite: {fileID: 21300004, guid: 64ac2c2dccb8e5b4280a1f33b2da01d9, type: 3}
  m_Color: {r: 1, g: 1, b: 1, a: 1}
  m_FlipX: 0
  m_FlipY: 0
  m_DrawMode: 0
  m_Size: {x: 0.03125, y: 0.5}
  m_AdaptiveModeThreshold: 0.5
  m_SpriteTileMode: 0
  m_WasSpriteAssigned: 1
  m_MaskInteraction: 0
  m_SpriteSortPoint: 0
--- !u!212 &212566437069219890
SpriteRenderer:
  m_ObjectHideFlags: 1
  m_CorrespondingSourceObject: {fileID: 0}
  m_PrefabInternal: {fileID: 100100000}
  m_GameObject: {fileID: 1502826141719442}
  m_Enabled: 1
  m_CastShadows: 0
  m_ReceiveShadows: 0
  m_DynamicOccludee: 1
  m_MotionVectors: 1
  m_LightProbeUsage: 1
  m_ReflectionProbeUsage: 1
  m_RenderingLayerMask: 4294967295
  m_Materials:
  - {fileID: 10754, guid: 0000000000000000f000000000000000, type: 0}
  m_StaticBatchInfo:
    firstSubMesh: 0
    subMeshCount: 0
  m_StaticBatchRoot: {fileID: 0}
  m_ProbeAnchor: {fileID: 0}
  m_LightProbeVolumeOverride: {fileID: 0}
  m_ScaleInLightmap: 1
  m_PreserveUVs: 0
  m_IgnoreNormalsForChartDetection: 0
  m_ImportantGI: 0
  m_StitchLightmapSeams: 0
  m_SelectedEditorRenderState: 0
  m_MinimumChartSize: 4
  m_AutoUVMaxDistance: 0.5
  m_AutoUVMaxAngle: 89
  m_LightmapParameters: {fileID: 0}
  m_SortingLayerID: 328374333
  m_SortingLayer: 3
  m_SortingOrder: 0
  m_Sprite: {fileID: 21300004, guid: 64ac2c2dccb8e5b4280a1f33b2da01d9, type: 3}
  m_Color: {r: 1, g: 1, b: 1, a: 1}
  m_FlipX: 0
  m_FlipY: 0
  m_DrawMode: 0
  m_Size: {x: 0.03125, y: 0.5}
  m_AdaptiveModeThreshold: 0.5
  m_SpriteTileMode: 0
  m_WasSpriteAssigned: 1
  m_MaskInteraction: 0
  m_SpriteSortPoint: 0
--- !u!212 &212877666499847498
SpriteRenderer:
  m_ObjectHideFlags: 1
  m_CorrespondingSourceObject: {fileID: 0}
  m_PrefabInternal: {fileID: 100100000}
  m_GameObject: {fileID: 1695539680797362}
  m_Enabled: 1
  m_CastShadows: 0
  m_ReceiveShadows: 0
  m_DynamicOccludee: 1
  m_MotionVectors: 1
  m_LightProbeUsage: 1
  m_ReflectionProbeUsage: 1
  m_RenderingLayerMask: 4294967295
  m_Materials:
  - {fileID: 10754, guid: 0000000000000000f000000000000000, type: 0}
  m_StaticBatchInfo:
    firstSubMesh: 0
    subMeshCount: 0
  m_StaticBatchRoot: {fileID: 0}
  m_ProbeAnchor: {fileID: 0}
  m_LightProbeVolumeOverride: {fileID: 0}
  m_ScaleInLightmap: 1
  m_PreserveUVs: 0
  m_IgnoreNormalsForChartDetection: 0
  m_ImportantGI: 0
  m_StitchLightmapSeams: 0
  m_SelectedEditorRenderState: 0
  m_MinimumChartSize: 4
  m_AutoUVMaxDistance: 0.5
  m_AutoUVMaxAngle: 89
  m_LightmapParameters: {fileID: 0}
  m_SortingLayerID: 328374333
  m_SortingLayer: 3
  m_SortingOrder: 1
  m_Sprite: {fileID: 21300000, guid: 0fbd32f41d770e84ca1efdcfe795acdd, type: 3}
  m_Color: {r: 1, g: 1, b: 1, a: 1}
  m_FlipX: 0
  m_FlipY: 0
  m_DrawMode: 0
  m_Size: {x: 1.84375, y: 0.953125}
  m_AdaptiveModeThreshold: 0.5
  m_SpriteTileMode: 0
  m_WasSpriteAssigned: 1
  m_MaskInteraction: 0
  m_SpriteSortPoint: 0
--- !u!222 &222075531114305040
CanvasRenderer:
  m_ObjectHideFlags: 1
  m_CorrespondingSourceObject: {fileID: 0}
  m_PrefabInternal: {fileID: 100100000}
  m_GameObject: {fileID: 1829056786683240}
  m_CullTransparentMesh: 0
--- !u!222 &222873032120747288
CanvasRenderer:
  m_ObjectHideFlags: 1
  m_CorrespondingSourceObject: {fileID: 0}
  m_PrefabInternal: {fileID: 100100000}
  m_GameObject: {fileID: 1385301452800736}
  m_CullTransparentMesh: 0
--- !u!223 &223488215594941120
Canvas:
  m_ObjectHideFlags: 1
  m_CorrespondingSourceObject: {fileID: 0}
  m_PrefabInternal: {fileID: 100100000}
  m_GameObject: {fileID: 1334452856439892}
  m_Enabled: 1
  serializedVersion: 3
  m_RenderMode: 2
  m_Camera: {fileID: 0}
  m_PlaneDistance: 100
  m_PixelPerfect: 0
  m_ReceivesEvents: 1
  m_OverrideSorting: 0
  m_OverridePixelPerfect: 0
  m_SortingBucketNormalizedSize: 0
  m_AdditionalShaderChannelsFlag: 0
  m_SortingLayerID: 1395551447
  m_SortingOrder: 20
  m_TargetDisplay: 0
--- !u!224 &224240631356628776
RectTransform:
  m_ObjectHideFlags: 1
  m_CorrespondingSourceObject: {fileID: 0}
  m_PrefabInternal: {fileID: 100100000}
  m_GameObject: {fileID: 1829056786683240}
  m_LocalRotation: {x: -0, y: -0, z: -0, w: 1}
  m_LocalPosition: {x: 0, y: 0, z: 0}
  m_LocalScale: {x: 1, y: 1, z: 0.999972}
  m_Children: []
  m_Father: {fileID: 224397704458427244}
  m_RootOrder: 0
  m_LocalEulerAnglesHint: {x: 0, y: 0, z: 0}
  m_AnchorMin: {x: 0.5, y: 0.5}
  m_AnchorMax: {x: 0.5, y: 0.5}
  m_AnchoredPosition: {x: 0, y: 0}
  m_SizeDelta: {x: 6, y: 1}
  m_Pivot: {x: 0.5, y: 0.5}
--- !u!224 &224244351801557654
RectTransform:
  m_ObjectHideFlags: 1
  m_CorrespondingSourceObject: {fileID: 0}
  m_PrefabInternal: {fileID: 100100000}
  m_GameObject: {fileID: 1334452856439892}
  m_LocalRotation: {x: -0, y: -0, z: -0, w: 1}
  m_LocalPosition: {x: 0, y: 0, z: 90}
  m_LocalScale: {x: 0.3147075, y: 0.17729999, z: 0.03546}
  m_Children:
  - {fileID: 224397704458427244}
  m_Father: {fileID: 4986253292260928}
  m_RootOrder: 1
  m_LocalEulerAnglesHint: {x: 0, y: 0, z: 0}
  m_AnchorMin: {x: 0, y: 0}
  m_AnchorMax: {x: 0, y: 0}
  m_AnchoredPosition: {x: 0, y: 0}
  m_SizeDelta: {x: 501, y: 282}
  m_Pivot: {x: 0.5, y: 0.5}
--- !u!224 &224397704458427244
RectTransform:
  m_ObjectHideFlags: 1
  m_CorrespondingSourceObject: {fileID: 0}
  m_PrefabInternal: {fileID: 100100000}
  m_GameObject: {fileID: 1385301452800736}
  m_LocalRotation: {x: 0, y: 0, z: 0, w: 1}
  m_LocalPosition: {x: 0, y: 0, z: 0}
  m_LocalScale: {x: 1, y: 1, z: 1}
  m_Children:
  - {fileID: 224240631356628776}
  m_Father: {fileID: 224244351801557654}
  m_RootOrder: 0
  m_LocalEulerAnglesHint: {x: 0, y: 0, z: 0}
  m_AnchorMin: {x: 0.5, y: 0.5}
  m_AnchorMax: {x: 0.5, y: 0.5}
  m_AnchoredPosition: {x: 0, y: 4}
  m_SizeDelta: {x: 6, y: 1}
  m_Pivot: {x: 0.5, y: 0.5}
